2059 2788
263 224 359 280 rag.
390 225 415 261 ει·

312 319 672 442 NoTAE
735 314 893 389 ET
962 289 1828 423 CONJECTURAE

553 456 687 508 AD
793 451 1088 503 HUNC
1191 452 1592 540 LOCUM:

387 598 681 636 ONCHARUM
711 587 942 630 GENERA.
1006 585 1138 627 Latius
1159 585 1218 628 hic
1241 587 1429 641 sumptum
1453 587 1621 630 Conchae
1645 585 1874 630 vocabulum

282 596 377 700 C
405 648 536 691 testam
567 644 738 700 quamvis
773 641 983 696 fignificat,
1011 641 1086 683 five
1106 642 1335 684 turbinatam
1356 643 1432 686 {ive
1446 646 1621 699 planam.
1672 645 1728 685 Ita
1757 636 1874 684 Vete-

337 718 398 746 res
410 737 421 756 ‚
433 704 624 759 praec-ipue
636 700 789 751 Latini,
803 699 1018 740 Rhetoricae
1042 697 1191 739 studiosi
1205 729 1216 750 ,
1231 699 1382 741 auribus
1402 701 1523 756 magis
1537 713 1648 754 quam
1668 698 1874 740 intellectui

334 761 602 816 indulgentes,
632 756 734 817 ideas
769 769 836 809 per
866 755 1062 808 aequivoca
1090 753 1350 806 confundere,
1382 769 1495 810 quam
1523 769 1634 798 voces
1668 755 1708 796 in
1741 754 1874 797 eadem

335 815 613 873 significatione
637 812 835 864 ahquoties
859 819 1049 864 repetere,
1081 812 1303 852 maluerunt.

276 874 515 917 Gizama.
573 869 676 921 Quia
697 867 840 909 Plinius
861 880 910 916 ex
928 865 1147 915 autoribus,
1177 880 1272 920 quos
1302 866 1427 909 sedulo
1450 866 1593 918 volvit,
1623 865 1775 908 confuse
1797 866 1874 918 spe-

336 931 412 972 cies
433 927 707 970 Testaceorum
727 924 912 973 recenset,
943 921 1122 962 videntur
1139 926 1215 972 ejus
1238 925 1422 974 temporis
1442 920 1578 973 eruditi
1603 922 1652 963 de
1673 920 1876 977 generibus

334 980 613 1028 constituendis
647 993 730 1021 non
770 976 876 1022 fuisse
908 975 1062 1018 solliciti.
1131 976 1376 1031 Colligebant
1408 976 1622 1032 Conchylia
1642 1007 1655 1028 ‚
1696 973 1876 1031 primario

338 1042 441 1088 esus,
468 1036 687 1081 secundario
706 1033 967 1075 admirationis
989 1031 1044 1082 ἐξ
1066 1041 1228 1073 ornatus
1254 1034 1379 1074 causa:
1410 1031 1611 1075 sufficiebat
1646 1032 1747 1074 rudis
1775 1034 1876 1074 noti-

336 1098 392 1140 tia
416 1096 460 1138 &
487 1093 654 1149 vulgaris
687 1090 985 1131 nomenclatura.
1045 1086 1249 1139 Testarum
1279 1088 1452 1142 conferre
1479 1103 1624 1145 genera
1653 1087 1877 1130 earundem

339 1166 414 1207 que
433 1151 676 1193 subordinate
697 1147 833 1200 species
854 1143 1146 1187 Recentioribus
1166 1142 1320 1186 demum
1342 1143 1382 1186 in
1405 1155 1570 1187 mentem
1592 1144 1750 1196 incidit,
1779 1145 1880 1198 post-

339 1222 455 1264 quam
483 1205 530 1249 de
558 1203 736 1248 Historiae
765 1202 945 1243 naturalis
984 1201 1230 1242 Incrementis
1268 1201 1310 1242 δε
1346 1202 1562 1257 augmentis
1601 1212 1798 1256 coeperunt
1827 1203 1879 1242 la.

335 1265 481 1308 horare.
849 1266 853 1269 ’
995 1292 998 1293 ⁷

283 1323 567 1366 Lunssu‘ris
595 1318 843 1359 NATURAE.
903 1313 1077 1362 Natura,
1109 1311 1181 1353 hoc
1201 1312 1312 1362 loen,
1341 1312 1441 1354 sensu
1467 1310 1710 1358 Aristotelico
1733 1311 1785 1354 est
1807 1312 1880 1353 Vis

272 1399 277 1403 ·
336 1377 495 1434 plastica
521 1373 677 1416 Animae
705 1368 882 1412 senfitivae
909 1369 950 1408 in
970 1367 1164 1408 Testaceis
1188 1367 1414 1419 habitantis,
1442 1381 1525 1422 quae
1554 1367 1683 1410 ludere
1716 1361 1879 1418 dicitur,

340 1435 431 1489 quia
463 1430 682 1473 varietatem
712 1426 921 1483 formarum
951 1424 1002 1464 ob
1033 1425 1158 1465 varios
1187 1424 1293 1474 usus,
1322 1424 1434 1466 nobis
1460 1437 1542 1465 non
1575 1422 1880 1476 enumerandos,

341 1488 491 1545 appetit
519 1485 561 1527 δι
592 1481 792 1539 producit,
827 1494 911 1522 non
938 1478 1015 1520 fine
1043 1479 1299 1520 obstestatione
1327 1480 1369 1521 δι
1396 1479 1572 1533 applausu
1607 1480 1880 1534 spectatorum,

340 1551 422 1600 ejus
450 1541 693 1598 operationes
720 1539 824 1579 velut
855 1538 895 1577 in
927 1536 1073 1577 theatro
1102 1535 1343 1577 intuentium.
1401 1533 1500 1586 Sed,
1539 1535 1626 1589 quia
1655 1537 1711 1577 vis
1744 1536 1880 1577 animae

344 1600 523 1658 plastica,
550 1595 738 1639 hodierno
756 1594 879 1635 seculo
898 1593 1030 1633 melius
1049 1591 1282 1642 informato,
1305 1590 1487 1645 spedtrum
1517 1600 1662 1632 naturae
1690 1590 1766 1643 est,
1790 1605 1881 1645 ope—

344 1658 443 1700 ratio
463 1660 541 1708 ejus
559 1658 638 1706 jure
654 1664 726 1706 pro
745 1649 955 1705 figmento,
983 1651 1134 1700 ejusque
1153 1648 1248 1688 lusus
1273 1648 1333 1688 seu
1357 1643 1559 1689 Comoedia
1581 1642 1662 1701 ‹pro
1684 1641 1789 1690 mero
1816 1649 1880 1690 ha-

346 1715 456 1756 betur
475 1709 632 1753 somnio.
664 1707 823 1748 Cautius
840 1703 981 1746 diceret
1001 1703 1184 1745 moderna
1202 1700 1321 1757 phrasi
1341 1705 1515 1745 Plinius:
1531 1703 1569 1743 in
1585 1703 1718 1756 quibus
1739 1717 1880 1758 magna

345 1771 389 1812 &
407 1768 551 1822 sapiens
571 1762 793 1806 differentia.
825 1759 965 1814 Neque
983 1759 1082 1800 enim
1104 1760 1262 1800 varietas
1283 1759 1484 1811 specierum
1509 1760 1589 1800 casu
1611 1757 1768 1810 accidit,
1798 1761 1881 1809 sed,

347 1827 401 1869 ob
420 1834 543 1867 certos
565 1820 684 1871 fines,
712 1833 734 1860 a
761 1818 876 1867 Deo,
905 1825 1036 1858 autore
1065 1815 1172 1868 hujus
1192 1813 1348 1866 mundi,
1377 1813 1585 1859 deliberato
1608 1813 1787 1866 consilio,
1817 1829 1881 1856 eo-

348 1882 511 1934 demque
528 1878 701 1932 optimo‚
727 1872 946 1915 irrtroduc'ta
974 1871 1097 1913 adhuc
1124 1872 1387 1922 conservatur,
1417 1884 1633 1925 quanquam
1667 1883 1802 1913 omnes
1829 1870 1881 1912 illi

348 1938 445 1979 fines
460 1936 631 1977 humano
651 1928 858 1972 intellectui
877 1928 949 1970 lint
969 1927 1311 1982 imperscrutabiles.
1576 1939 1583 1957 s

291 1997 568 2045 VAnlssTAs.
627 1987 747 2030 Recte
767 2015 780 2036 ,
819 1999 958 2039 magna
987 1987 1201 2026 varietas!
1243 1983 1376 2024 Nemo
1407 1982 1508 2023 enim
1543 1981 1882 2035 liadtenusomnes

349 2047 654 2103 Conchyliorum
687 2041 918 2084 differentias
948 2041 1060 2094 plene
1090 2040 1271 2093 exposuit.
1333 2039 1499 2080 Miratur
1525 2031 1666 2079 Plinius
1696 2039 1760 2080 has
1790 2040 1884 2093 ipsas

348 2120 395 2148 ex
419 2106 496 2147 solo
517 2102 630 2144 maris
649 2097 912 2141 mediterranei
936 2096 1084 2151 gremio
1105 2096 1288 2151 cognitas.
1330 2096 1527 2146 Quantam
1547 2094 1644 2136 hanc
1666 2095 1881 2136 varietatem

347 2158 599 2218 praedicass'et‚
626 2155 677 2207 fi,
704 2168 797 2208 quas
821 2166 946 2194 novus
965 2151 1088 2201 orbis,
1118 2150 1160 2191 &
1178 2149 1345 2203 undique
1367 2155 1440 2201 jam
1463 2149 1669 2204 conquisita
1692 2148 1882 2192 curiositas

348 2216 464 2260 hodie
496 2213 631 2263 offert,
669 2209 888 2264 inspexisset.
948 2209 1029 2249 Nos
1062 2207 1227 2263 quotidie
1258 2210 1296 2248 in
1318 2205 1610 2249 admirationem
1637 2207 1882 2255 adducilnm·‚

306 2316 310 2319 ,
349 2273 474 2326 inquit
500 2270 637 2312 Fabius
667 2268 864 2309 Columna
894 2264 979 2305 Lib.
1007 2262 1055 2305 de
1075 2263 1186 2317 Purp.
1219 2262 1312 2316 Cap.
1335 2260 1443 2303 X1X.
1472 2264 1594 2303 varias
1623 2263 1720 2303 intra
1748 2272 1883 2302 manus

349 2329 495 2372 nostras
514 2340 563 2368 ex
588 2325 699 2366 variis
723 2323 816 2365 locis
844 2320 1050 2369 habentes,
1079 2329 1142 2367 ut,
1174 2320 1237 2373 qui
1258 2318 1431 2360 omniurn
1458 2318 1588 2360 icones
1610 2317 1883 2370 &descriptio-

349 2400 418 2428 nes
440 2381 586 2425 tradere
607 2381 740 2430 vellet,
768 2378 979 2419 maximum
1003 2373 1211 2417 admodum
1232 2376 1415 2415 volumen
1435 2374 1631 2429 impleret,
1658 2381 1763 2413 extra
1792 2373 1882 2414 alias

346 2443 395 2486 ab
416 2441 495 2484 aliis
521 2437 732 2492 descriptas.
774 2434 882 2478 Pater
909 2433 1104 2485 Bormani,
1133 2431 1174 2486 in
1201 2431 1372 2475 Recreat.
1397 2431 1536 2473 mentis
1557 2426 1597 2470 &
1621 2429 1744 2484 oculi,
1775 2428 1882 2490 supra

1775 2497 1883 2539 quin·

2045 234 2059 396 ,aua-*tm*
