2059 2788
468 189 870 236 fLJNJch
957 163 1654 234 ILLUSTRA'TUx
1832 201 1881 249 ψ

313 294 571 332 acuminatum
602 284 626 325 l.
655 289 684 325 c.
707 295 790 336 quae
811 280 955 337 singula
977 282 1106 323 valent
1135 280 1183 322 dc
1213 281 1350 323 vertice
1376 282 1497 325 Plinii.
1558 284 1731 338 Quando
1759 299 1853 339 vero

316 355 448 384 mucro
477 339 623 394 praecise
654 339 801 392 apicem
821 337 960 392 spiralis
981 338 1069 378 coni
1089 335 1271 387 denotat,
1302 337 1374 379 hoc
1396 340 1526 382 vertici
1548 347 1620 393 jam
1643 340 1746 384 dicto
1769 357 1852 385 non

315 398 498 439 convenit
517 411 536 452 33
556 408 627 437 nec
655 393 836 436 convenit
863 392 950 434 huic
983 394 1072 434 loco
1107 394 1179 435 alia
1208 393 1357 435 verticis
1385 397 1555 450 acceptio
1579 428 1590 447 ‚
1628 398 1788 451 quando
1813 399 1855 440 in

313 452 476 506 conchis
488 462 631 505 partem
651 451 858 492 acutiorem
882 451 979 491 circa
1004 447 1177 490 cardines
1200 449 1382 500 denotat,
1408 463 1521 504 quam
1545 453 1744 507 Langon,
1774 455 1852 508 spe-

313 509 398 552 ciali
424 508 605 557 nomine,
634 506 881 548 umbonatam
902 505 1016 557 dicit,
1045 503 1070 546 fi
1091 505 1233 547 eminet
1251 505 1290 546 in
1305 505 1419 560 testa,
1451 517 1490 549 ut
1511 507 1604 550 solet
1623 508 1766 561 umbo,
1787 510 1856 562 sen

316 573 488 606 centrum
512 564 651 604 elatum
672 562 712 604 in
731 562 842 603 scuto.

258 621 473 664 Munssx.
530 620 690 662 Nomen
713 618 823 659 valde
840 618 1091 671 aequivocum.
1149 616 1276 660 Audit
1305 618 1380 669 ita,
1418 633 1448 661 ι.
1473 618 1602 663 Testae
1619 621 1771 664 aculeus
1790 635 1858 664 eica-

315 677 439 718 sertus.
475 689 510 716 2.
541 673 660 716 Testa
681 675 848 716 aculeata
867 675 927 716 seu
947 673 1064 716 obsita
1086 673 1205 716 modo
1226 673 1335 716 dictis
1362 675 1521 729 aculeis3
1554 689 1587 730 3.
1619 677 1756 719 Aculei
1780 691 1859 720 ma-

316 737 414 786 jores
448 731 663 772 minoresve
693 731 898 771 exteriores
929 730 971 771 δε
1001 731 1183 785 inclinati.
1224 732 1351 786 Lang.
1373 745 1410 786 p.
1440 745 1502 773 22.
1533 745 1570 786 4.
1600 733 1770 787 Purpura
1792 748 1858 776 co-

315 788 432 832 chlea.
466 799 499 840 ς.
532 786 707 829 Cochleae
735 787 843 827 alatae
872 786 1077 841 Ramphii,
1105 786 1165 828 seu
1185 786 1316 828 auritae
1344 789 1531 830 Bonanm'.
1565 789 1691 844 Lang.
1722 799 1759 845 p.
1793 802 1858 841 27.

317 845 485 886 Primum
505 841 753 898 significatum
777 844 926 884 Plinius
945 843 985 882 in
1009 851 1138 884 mente
1155 841 1309 893 habuit,
1340 842 1496 897 quando
1519 843 1692 886 meminit
1709 846 1860 889 verticis

319 899 532 940 muricatim
567 898 709 939 intorti.
768 896 811 939 ld
840 897 941 938 enim
968 910 1050 939 non
1081 896 1205 952 potest
1232 911 1316 939 non
1349 897 1397 940 de
1427 913 1610 941 mucrone
1641 900 1828 943 Turbinis
1846 932 1860 953 :a

317 956 458 997 aculeis
485 951 635 1004 obsito,
663 952 739 994 five
771 962 813 994 ut
841 954 1009 1008 loquitur
1033 953 1290 1005 Harduirms,
1319 952 1368 995 de
1397 954 1619 997 turbinatim
1648 959 1862 1000 convoluto

318 1010 475 1059 concliae
504 1010 664 1060 vertice,
691 1022 763 1051 nec
791 1007 868 1049 fine
897 1010 1036 1050 aculeis
1054 1009 1194 1063 accipi:
1223 1010 1370 1062 qualem
1393 1012 1432 1051 in
1454 1011 1606 1054 Murice
1626 1022 1864 1056 marmorato

319 1067 512 1109 Rondelet.
549 1067 599 1107 L.
631 1079 666 1105 2.
696 1062 744 1105 de
771 1063 938 1106 testaceis
967 1078 999 1107 c.
1021 1075 1058 1116 7.
1090 1079 1120 1107 c.
1144 1066 1211 1116 76.
1252 1065 1403 1107 Volutis
1424 1068 1639 1119 coronatis,
1665 1069 1860 1123 Vesperti-

319 1122 484 1164 lionibus
514 1121 697 1177 Rumphii
724 1118 1051 1175 deprehendimus.
1113 1121 1294 1163 Exoticas
1309 1122 1475 1164 conchas
1495 1124 1562 1165 vix
1580 1123 1677 1166 vidit
1695 1126 1859 1169 Plinius.

319 1180 418 1223 Non
440 1177 564 1219 audeo
593 1190 713 1232 ergo,
736 1191 822 1218 cum
845 1177 937 1218 Fab.
960 1177 1152 1219 Columna
1171 1176 1254 1218 Lib.
1279 1176 1328 1218 de
1348 1178 1460 1232 Purp.
1482 1193 1564 1234 cap.
1595 1180 1703 1221 XIX.
1727 1182 1862 1224 rariffi-

318 1249 425 1278 mum
448 1247 572 1290 genus
589 1231 785 1274 diconchae
804 1232 865 1274 hic
884 1234 1069 1290 allegare,
1091 1236 1197 1284 cujus
1213 1231 1357 1288 effigies
1374 1234 1524 1276 interna
1545 1234 1598 1277 est
1621 1234 1836 1281 auriformis
1849 1271 1862 1288 ‚

322 1301 479 1332 externa
511 1302 603 1330 vero
633 1288 684 1329 ob
715 1288 924 1343 processum
959 1303 1006 1330 ex
1035 1287 1144 1330 dorso
1168 1287 1369 1344 styloidem
1406 1291 1632 1342 incurvum,
1659 1291 1701 1333 &
1728 1296 1862 1349 petioli

321 1347 436 1388 instar
458 1343 751 1400 exporrec'tum,
787 1344 935 1399 Peponi
950 1345 1116 1386 minimo
1138 1342 1275 1385 similis.
1334 1345 1429 1387 Non
1462 1346 1553 1389 dicit
1573 1349 1748 1393 Plinius.-
1780 1365 1861 1393 ver-

322 1405 394 1445 tice
416 1402 626 1444 muricatim
648 1402 830 1451 incurvo,
858 1401 918 1443 sed
939 1402 1096 1442 intorto.
1136 1399 1210 1441 Ubi
1230 1400 1395 1443 Turbo?
1426 1403 1577 1447 Verba:
1606 1405 1673 1446 vel
1688 1407 1744 1448 ad
1760 1410 1862 1450 Buc-

322 1463 441 1500 cimmz
464 1460 638 1500 incurvis
659 1458 772 1511 plane
797 1457 869 1499 huc
891 1471 971 1498 non
1000 1455 1210 1510 quadrant:
1240 1471 1328 1498 nam
1351 1470 1432 1499 non
1453 1460 1615 1513 amplius
1638 1458 1688 1501 de
1717 1465 1860 1506 vertice

322 1515 360 1555 in
382 1514 436 1555 his
457 1513 650 1566 loquitur,
678 1512 743 1554 sed
758 1512 805 1552 de
827 1522 908 1554 tota
926 1512 1026 1555 tel'tae
1047 1511 1193 1569 figura?
1223 1512 1296 1555 Ubi
1319 1512 1379 1555 hic
1399 1515 1534 1569 species
1558 1515 1744 1560 Buccini?
1784 1520 1862 1561 Ubi

322 1570 480 1612 Buccini
503 1568 636 1611 formis
658 1570 880 1611 curvatura?

265 1627 526 1670 1³12mess
557 1639 617 1668 In
641 1624 954 1667 MucnoNEM
982 1626 1192 1667 EMISSO.
1251 1625 1396 1681 Margo
1426 1625 1562 1669 dicitur
1586 1628 1627 1670 in
1652 1626 1859 1670 ostracolo-

320 1683 442 1739 gitis,
470 1682 688 1722 extremitas
710 1680 810 1722 testae
837 1682 1022 1736 patentis:
1051 1680 1152 1723 confi
1177 1681 1359 1724 Columna
1379 1681 1426 1723 de
1444 1683 1556 1737 Purp.
1590 1698 1623 1725 c.
1664 1697 1696 1726 1.
1730 1685 1769 1732 §.
1796 1687 1858 1724 29.

321 1740 485 1789 Mucm,
519 1735 585 1778 nifi
613 1737 674 1779 hic
707 1739 860 1786 vertici,
890 1748 932 1778 ut
965 1738 1153 1789 conJicio,
1182 1749 1469 1791 opponeretur,
1497 1738 1544 1781 de
1567 1739 1718 1781 turbine
1732 1737 1859 1791 ‚posset

322 1796 464 1848 accipi,
495 1793 535 1834 &
567 1794 700 1849 margo
723 1794 763 1834 in
786 1807 1003 1835 mucronem
1024 1793 1192 1843 emissus,
1223 1794 1275 1834 ita
1303 1796 1471 1848 exponi,
1501 1794 1606 1848 quod
1638 1796 1750 1836 turbo
1770 1808 1858 1835 acv-

322 1853 396 1892 tior
415 1849 569 1891 conicus
588 1863 654 1903 per
678 1847 954 1902 productiones
969 1851 1100 1903 planas
1126 1850 1428 1904 marginalesque
1448 1850 1550 1892 testae
1571 1849 1614 1893 fit
1646 1850 1831 1893 formatus
1844 1880 1858 1900 ,

321 1909 425 1948 velut
446 1908 484 1946 in
507 1904 729 1958 quibusdam
750 1903 924 1946 strombis
946 1907 1092 1960 Lngii
1112 1903 1150 1945 id
1170 1906 1368 1946 cernimus.
1429 1907 1538 1959 Quin
1573 1906 1614 1948 δι
1645 1909 1685 1948 in
1707 1904 1860 1960 oppost-

323 1965 429 2004 tione
446 1961 595 2002 verticis
614 1960 655 2002 δε
677 1962 867 2002 mucronis
887 1960 975 2002 data
992 1961 1254 2016 interpretatio
1273 1960 1456 2015 procedit.
1517 1964 1620 2004 Nam
1639 1961 1763 2017 potest
1783 1961 1857 2004 dici

321 2019 473 2062 Plinius
493 2047 505 2068 ,
543 2018 642 2058 inter
670 2018 924 2058 acuminatam
951 2018 1085 2072 spiram
1116 2031 1381 2071 quamcunque
1409 2017 1454 2059 Sc.
1479 2018 1577 2060 inter
1611 2019 1784 2062 conicam
1815 2018 1856 2058 Sc

322 2073 566 2124 strictiorem,
597 2071 824 2125 distinxisse,
852 2073 1030 2127 illamque
1052 2074 1250 2124 verticem,
1278 2073 1377 2114 hanc
1398 2087 1643 2126 mucronem,
1673 2084 1854 2116 notanter

321 2129 505 2172 vocitaffe.
564 2128 662 2179 Sed,
692 2129 778 2183 quia
808 2143 899 2171 mox
927 2129 1089 2183 sequitur
1112 2130 1184 2170 alia
1215 2129 1396 2184 marginis
1435 2128 1646 2173 differentia
1669 2160 1683 2181 ,
1714 2143 1853 2182 nempe

321 2186 414 2228 foris
432 2182 561 2235 effusi,
591 2183 632 2225 &
653 2184 754 2225 intus
774 2184 963 2238 replicati,
993 2184 1034 2225 &
1055 2194 1235 2238 praeterea
1259 2198 1392 2226 mucro
1415 2187 1603 2228 veteribus
1634 2188 1744 2228 etiam
1765 2199 1851 2226 acn-

323 2253 403 2283 tum
440 2240 540 2282 testae
565 2239 788 2294 processum>
809 2252 1071 2294 quemcunque
1097 2239 1292 2293 denotat3
1325 2241 1365 2280 in
1395 2239 1468 2283 hoc
1496 2241 1653 2283 eosdem
1682 2241 1853 2283 imitante

327 2301 507 2340 Colmmza
536 2295 584 2337 de
608 2296 722 2350 Purp.
754 2309 795 2337 c„
820 2305 880 2348 17.
910 2298 946 2347 §.
972 2310 1006 2349 3.
1037 2298 1139 2338 malo
1159 2294 1274 2337 verba
1295 2295 1431 2346 Plinii,
1460 2300 1633 2352 mmgisze
1654 2300 1693 2339 in
1711 2311 1855 2338 mucro-

323 2368 404 2396 nem
425 2351 569 2406 emisso,
597 2349 645 2393 de
666 2349 832 2405 processu
853 2352 1058 2407 marginis,
1087 2365 1198 2406 quam
1222 2352 1339 2393 totius
1357 2351 1458 2395 testae
1485 2353 1730 2406 interpretari.
1793 2355 1855 2394 Ex

322 2409 496 2466 margine
519 2417 645 2452 autem
668 2407 864 2464 longiores
884 2407 1075 2464 processus
1094 2408 1185 2451 varii
1190 2408 1385 2506 {minema
1425 2409 1532 2451 Unus
1552 2408 1591 2450 in
1614 2409 1855 2453 Turbinibus

1281 2476 1302 2518 3
1636 2480 1639 2481 ⁷
1761 2477 1860 2508 non-
