2059 2788
196 253 246 297 14·
391 237 811 283 PLINIUS
887 235 1578 280 IL‘LUSTRATUS

250 334 498 377 inarticulata.
553 333 660 389 Ergo
682 334 745 372 vix
772 330 900 371 habuit
922 329 1128 384 respectum
1154 330 1203 373 ad
1236 330 1425 372 concham
1455 331 1792 382 πυλυλέσὶἷομγῖλυ-

255 391 317 445 μὲν
347 392 532 433 Colzmmae
564 392 656 443 Cap.
676 387 823 428 XXIX.
853 399 936 439 quae
961 386 1072 428 habet
1093 387 1320 442 exiguorum
1343 386 1538 428 cardinum
1565 388 1721 442 longam
1743 387 1794 427 se-

257 450 349 489 riem
371 447 467 487 inter
486 446 663 492 vertices,
678 442 812 496 quibus
834 453 1037 494 utrumque
1061 444 1158 484 latus
1178 442 1319 484 rectum
1341 441 1440 496 quasi
1464 443 1663 484 consuitur.
1702 442 1795 484 Fors

256 514 385 545 tamen
406 502 446 542 &
462 501 542 542 haec
560 498 706 541 concha
728 499 864 551 pariter
893 498 1084 540 mediante
1115 499 1335 539 membrana
1357 497 1562 540 cohaereat:
1590 497 1694 552 quod
1724 510 1794 538 no-

257 559 313 600 bis
330 557 460 600 testam
480 553 718 597 solummodo
739 554 919 595 hactenus
939 554 1223 595 observantibus
1241 553 1293 595 est
1313 555 1603 606 incompertum.
1746 592 1748 594 ,

202 618 239 659 A
254 629 280 657 n
318 625 558 655 PLAUSUM
586 622 821 652 APERTIS.
865 609 971 659 Quid
994 610 1092 651 hoc?
1113 610 1258 659 Fallor,
1282 619 1347 651 aut
1367 609 1481 651 aud-io
1504 609 1666 651 Chamas
1686 606 1797 663 ligni-

258 671 360 712 ficari
375 670 563 720 ‚aliasque
585 666 772 712 conchas,
785 679 868 717 quse
888 663 989 705 testis
1007 663 1137 706 clausis
1160 665 1198 705 in
1219 667 1332 706 latere
1352 679 1419 719 per
1440 667 1572 706 rimam
1592 665 1710 720 magis
1730 665 1797 704 mi-

259 739 379 768 nusve
407 723 600 765 diductam
620 722 734 763 hiant.
775 720 887 761 Unde
908 721 946 760 ἃ
967 720 1122 762 Chamae
1141 723 1200 762 vel
1222 722 1386 762 Hiatulae
1408 723 1654 775 appellantur.
1689 721 1797 762 Plau-
1820 745 1823 748 >

256 784 314 824 sus
343 790 441 822 certe
468 778 673 820 Tel'tarum
701 776 826 818 limilis
856 777 1028 817 manibus
1060 775 1330 831 plaudentibus
1359 777 1431 819 est:
1460 778 1589 829 Nam,
1618 774 1798 830 quemad-

258 837 418 880 modum
451 848 587 876 manus
618 833 748 875 manui
779 831 975 886 plaudenti
996 846 1062 887 per
1085 836 1210 875 volam
1231 834 1423 888 jungitur,
1453 833 1564 874 ita&
1585 845 1799 874 concavum

258 892 359 935 testae
377 891 606 934 concavitati
626 890 778 931 alterius
799 890 837 928 in
858 889 1130 939 conjunctione
1151 890 1332 929 imminet.
1363 888 1439 930 S'ed
1467 891 1536 929 en!
1567 889 1713 930 Plinius
1741 885 1798 926 di-

261 951 334 992 cit:
364 949 417 990 ad
440 946 611 1002 plait-sitm
642 954 825 998 apertas,
855 944 990 996 quibus
1010 942 1057 984 fic
1077 953 1205 997 aperta
1226 944 1440 996 hiantiaque
1461 944 1561 984 labra
1583 942 1800 984 chamarum

259 1005 428 1057 respicit,
457 1001 496 1042 δε
526 999 575 1042 ad
609 1001 775 1054 plausum
803 997 994 1039 edendum
1022 1009 1122 1039 natae
1143 998 1348 1052 factaeque,
1372 998 1397 1040 li
1418 1001 1513 1040 inter
1533 1000 1569 1050 le
1588 997 1803 1047 illidantur,

259 1060 377 1103 videri
400 1058 564 1113 pollint‚
595 1066 636 1098 ut
659 1054 757 1097 recte
777 1055 930 1105 conjicit
952 1056 1192 1096 Harduinus.
1244 1055 1478 1106 Conjunctio
1500 1068 1652 1108 quoque
1677 1055 1800 1095 valva-

259 1132 343 1160 rum
363 1113 563 1156 in'chamis
583 1111 775 1153 mediante
798 1112 1021 1167 gynglymo
1041 1110 1081 1150 δε
1103 1110 1193 1151 forti
1213 1111 1448 1164 ligamento,
1465 1110 1513 1151 ad
1535 1112 1700 1163 plausum
1718 1111 1800 1150 imi-

261 1171 421 1215 tandum
451 1170 492 1210 δε
511 1168 755 1209 excitandum
781 1168 900 1220 longe
917 1165 969 1206 est
989 1166 1352 1208 convenientiflima.
1376 1193 1380 1195 >
1411 1166 1575 1208 Chamas
1592 1176 1746 1219 apertas.
1761 1166 1801 1204 in

261 1229 375 1271 maris
396 1224 519 1268 fundo
539 1229 681 1277 jacere,
709 1223 750 1263 δε
783 1224 912 1262 valvas
946 1226 1105 1272 maiores
1124 1221 1172 1262 ad
1193 1232 1328 1263 nutum
1353 1223 1566 1263 minutioris
1587 1222 1802 1262 animalculi

261 1283 506 1326 inhabitantis
526 1295 612 1322 cum
643 1281 788 1333 impetu
813 1276 959 1328 claudi,
989 1279 1200 1332 Rumphizis
1228 1279 1302 1331 ipse
1330 1288 1440 1320 autor
1469 1278 1519 1318 est
1539 1308 1552 1328 ,
1581 1278 1645 1330 qui
1671 1288 1800 1317 tamen

226 1345 230 1348 ’
262 1342 363 1384 hunc
384 1338 549 1393 plausum
573 1335 728 1378 conchis
747 1335 956 1374 naturalem
977 1333 1017 1373 δε
1037 1334 1431 1374 convenientissimum
1455 1344 1574 1375 mutat
1597 1335 1636 1373 in
1657 1333 1801 1387 pulsum

263 1395 610 1452 praeternatiiralem
634 1390 809 1440 conchis,
838 1387 938 1442 quali
960 1390 1109 1430 Plinius
1131 1390 1290 1431 innuere
1314 1389 1502 1440 voluisset,
1527 1388 1629 1442 quod
1649 1387 1803 1429 conchae

265 1449 438 1508 percuffae
468 1450 549 1490 aliae
579 1448 659 1489 aliis
692 1446 836 1487 facilius
866 1445 1066 1486 dehiscunt.
1129 1445 1229 1486 Mihi
1259 1447 1311 1487 ita
1338 1447 1488 1487 Plinius
1516 1444 1600 1499 post
1629 1444 1801 1497 pulsum,

263 1522 344 1550 non
373 1506 421 1548 ad
451 1505 617 1559 plausum
647 1503 784 1556 apertis
814 1500 969 1541 dixiffet.
1227 1520 1231 1522 -

207 1569 286 1610 An
325 1573 596 1606 BucchM
637 1569 908 1600 JNCURVJS.
945 1557 1157 1598 Bucciuum
1189 1555 1326 1598 dicitur
1358 1555 1476 1597 Testa
1499 1555 1689 1597 turbinata
1718 1556 1803 1596 lon-

262 1635 335 1678 ga,
364 1619 532 1673 spiralem
551 1630 692 1658 conum
714 1628 761 1655 ex
783 1624 896 1654 acuto
919 1615 1023 1665 apice
1051 1615 1088 1653 in
1106 1615 1274 1666 amplum
1295 1624 1467 1654 ventrem
1488 1612 1640 1664 majoris
1662 1611 1804 1652 diame—

264 1678 312 1719 tri
341 1674 566 1729 producens.
625 1674 668 1712 ln
698 1671 771 1714 hoc
794 1670 848 1710 nil
879 1668 946 1709 nili
970 1670 1072 1722 spirae.
1093 1670 1257 1709 incurvae
1277 1669 1382 1709 sunt:
1410 1668 1458 1709 ad
1483 1668 1683 1709 buccinum
1710 1680 1803 1721 ergo

263 1734 449 1779 incurvae,
468 1728 580 1784 sensti
608 1729 812 1774 Pliniana,
842 1739 924 1766 non
953 1725 1069 1778 ipsum
1101 1725 1337 1774 Euxinum,
1368 1734 1409 1765 ut
1437 1734 1545 1777 putat
1571 1722 1806 1777 stumphius,

267 1787 328 1830 sed
350 1785 518 1836 Conchae
542 1793 678 1832 erunt,
707 1781 873 1822 bivalves
900 1782 1108 1830 anomalae,
1147 1795 1299 1830 curvae‚
1336 1781 1454 1832 qualis
1493 1794 1529 1821 v.
1560 1793 1598 1834 g.
1630 1778 1681 1820 est
1702 1778 1807 1818 Con-

269 1845 338 1887 cha
370 1841 524 1884 anomia
553 1840 688 1895 rugosa
713 1838 754 1879 &
787 1835 956 1887 adunca,
986 1835 1161 1890 depiCra,
1193 1839 1369 1878 Romamn·
1398 1837 1576 1878 Recreat.
1597 1844 1631 1892 p.
1652 1847 1740 1886 103.
1771 1847 1805 1874 η.

304 1914 333 1942 1.

215 1915 516 1999 Nivmamx
547 1950 770 1994 Pauciffima
799 1950 974 1991 animalia
1004 1947 1162 1990 testacea
1193 1949 1233 1989 in
1263 1948 1355 1989 mari
1384 1948 1580 2002 navigant.
1627 1946 1808 1999 Pleraque

272 2014 332 2053 vel
352 2012 390 2051 in
410 2011 591 2064 scopulis,
620 2008 680 2048 vel
701 2007 739 2046 in
764 2019 897 2054 arena,
929 2006 988 2045 vel
1012 2005 1051 2044 in
1079 2006 1204 2046 littore
1228 2004 1406 2045 habitant.
1472 2006 1572 2044 lnter
1600 2002 1684 2043 saxa
1714 2004 1808 2042 Alu-

271 2070 367 2110 rices
381 2097 393 2117 ,
416 2067 612 2114 Patellae,
641 2063 682 2102 in
703 2075 816 2102 arena
845 2061 1021 2110 Tellinae³
1036 2063 1188 2110 Pimm,
1203 2062 1372 2109 Solemes‚
1397 2059 1559 2114 Caffides
1579 2057 1732 2099 haerent.
1764 2059 1808 2098 ln

262 2122 387 2178 fundo
416 2122 528 2162 maris
556 2119 700 2161 Ostreae
720 2117 760 2157 δε
779 2117 934 2158 Chamae
961 2117 1116 2169 asperae:
1146 2116 1195 2156 Et
1217 2116 1272 2156 hae
1290 2114 1442 2168 quidem
1472 2115 1642 2156 immotae
1664 2119 1807 2165 jacent3

273 2175 431 2222 Amufia
461 2178 658 2230 piscatores
686 2174 942 2227 intercipiunt.
1004 2173 1067 2213 De
1100 2170 1201 2212 testis
1233 2171 1407 2212 inanibus
1436 2170 1476 2211 ἃ.
1499 2169 1686 2211 derelictis
1714 2182 1810 2222 aqua

274 2233 477 2276 levioribus
499 2246 578 2273 non
601 2231 801 2284 loquimur.
864 2230 935 2270 His
958 2229 1059 2268 enim
1089 2227 1227 2268 fluctus
1253 2242 1323 2281 pro
1354 2227 1526 2269 vehiculo
1556 2227 1649 2267 sunt.

219 2292 537 2335 NAVIGANT:
576 2289 928 2327 VELIFICANT.
969 2285 1076 2325 Dicit
1103 2284 1205 2337 prius
1235 2287 1428 2337 navigant
1448 2313 1462 2334 ‚
1487 2281 1571 2335 post
1601 2282 1808 2335 velificant.

277 2346 398 2389 Aliud
427 2358 520 2399 ergo
544 2344 746 2395 navigare,
774 2340 876 2383 aliud
895 2339 1080 2381 velificare
1108 2341 1146 2379 in
1171 2338 1280 2380 testis.
1339 2339 1446 2380 Prius
1471 2337 1519 2379 de
1549 2338 1591 2378 iis
1612 2336 1810 2389 intelligo,

277 2417 360 2455 quae
379 2398 531 2442 obversa
549 2398 1009 2447 convexitate,naviculae
1030 2395 1162 2446 instar,
1176 2397 1372 2446 innatant,
1393 2408 1464 2436 nec
1484 2392 1580 2435 adeo
1606 2400 1721 2432 vento
1742 2390 1810 2430 ob-

279 2460 504 2512 sequuntur,
533 2470 645 2510 quam
668 2452 908 2496 submersioni
928 2450 1106 2494 resistunt.
1171 2451 1356 2494 Posterius
1385 2449 1433 2492 de
1463 2447 1586 2499 testis,
1613 2461 1697 2501 quae
1716 2460 1811 2501 prae-

1755 2512 1812 2545 ter
