2059 2788
445 228 851 272 PLINIUS
931 225 1661 273 ILLUSTRATUS..
1784 244 1849 285 13⁴

298 321 484 374 cardinis,
512 323 574 363 vel
593 321 740 362 ratione
760 322 931 363 laterum.
972 321 1113 362 Latera
1133 318 1357 374 exporrecta
1376 324 1450 372 jam
1474 334 1541 375 per
1562 321 1833 376 expansionem

261 403 263 405 ·
297 381 357 420 seu
378 379 515 420 rectam
544 379 604 418 seu
634 376 826 430 obliquam
858 375 1083 432 significavit
1115 379 1273 418 Plinius.
1337 376 1542 429 Reliquum
1566 391 1660 432 ergo
1688 379 1763 429 est,
1793 389 1836 421 ut

299 434 491 476 cardinem
513 431 780 486 exporrectum
801 431 1074 473 subaudiamus.
1106 432 1313 486 Contingit
1334 431 1507 474 videlicet
1527 434 1568 473 in
1591 434 1835 476 Concharurn

297 490 448 539 valvis,
487 490 640 530 alteram
672 489 836 542 recipere
860 519 871 539 ‚
921 490 998 538 ita,
1041 499 1082 528 ut
1119 493 1239 537 major
1277 489 1465 528 minorem
1504 490 1760 544 marginaliter
1794 490 1836 530 δε

297 545 508 587 eminenter
534 542 723 599 claudat,
748 555 840 584 tunc
868 543 984 585 cardo
1012 545 1234 597 plerumque
1261 543 1300 583 in
1332 544 1490 585 rostrum
1522 543 1754 598 procinetus,
1782 546 1838 586 su-

298 614 365 655 per
392 599 493 642 testae
521 600 668 641 inclusae
699 600 874 640 verticem
897 598 996 640 recta
1020 602 1262 648 incurvatur,
1290 599 1331 638 &
1354 601 1559 642 commode
1587 600 1761 654 porrecta
1781 602 1837 642 su-

298 656 425 711 perior
444 654 535 697 testa
552 653 626 697 dici
647 655 779 708 potest.
813 654 942 696 Hodie
964 656 1054 695 tales
1067 654 1238 695 Conchae
1256 655 1419 696 anomiae
1440 657 1500 696 vel
1521 658 1731 708 anomalae,
1757 671 1838 698 ver-

299 713 373 754 tice
398 710 558 753 rostrato
579 713 843 764 appellantur,
873 710 915 751 &
939 709 1153 764 petrefaClae
1177 720 1285 751 tanto
1303 710 1388 751 sunt
1406 709 1701 763 frequentiores,
1719 726 1838 766 quan-

300 778 343 810 to
371 768 511 810 rariora
541 765 747 808 earundem
780 768 909 808 nativa
941 768 1126 819 exempla.
1167 766 1354 807 Describit
1375 779 1439 807 eas
1470 768 1649 809 Columna
1671 768 1714 809 de
1737 771 1840 811 Pur-

296 833 404 879 pura
436 826 528 877 Cap.
556 822 643 863 Xll.
701 823 912 877 Rumphizts
942 823 1133 875 porrectas
1164 821 1273 868 testas
1301 823 1478 863 nominat
1503 822 1676 864 cochleas
1704 833 1838 865 teretes

299 880 340 920 in
363 880 524 933 longum
549 876 724 926 eductas,
742 892 834 930 quas
855 892 927 919 nos
950 878 1225 933 Cylindrorum
1247 888 1583 930 mucronatorum,
1603 880 1717 930 item,
1737 880 1779 921 T
1783 894 1839 922 nr-

299 936 526 984 ricularum,
556 934 841 974 Terebellarum
872 935 1031 975 nornine
1058 933 1290 988 inlignimns.

242 993 480 1035 SINUATA.
511 990 625 1031 Sinus
656 990 694 1029 in
723 988 823 1029 testis
854 991 1064 1041 appellatur
1092 1001 1243 1030 arcuata
1269 991 1328 1030 vel
1351 990 1482 1032 lunata
1501 990 1628 1032 Testae
1653 992 1840 1034 Concavi-

301 1056 367 1089 tas.
415 1046 549 1087 Nolim
573 1045 645 1086 huc
665 1056 815 1085 ventres
833 1045 1139 1088 Turbinatorum
1166 1059 1280 1086 cavos
1306 1047 1461 1087 trahere.
1521 1048 1686 1101 Explico
1717 1049 1840 1091 Plinii

300 1115 436 1145 vocem
467 1101 515 1141 de
545 1101 723 1150 Conchis,
753 1102 793 1140 in
817 1101 932 1153 specie
955 1101 1021 1150 iis,
1052 1114 1210 1153 quarum
1228 1100 1354 1142 Testae
1378 1103 1416 1142 in
1444 1104 1560 1143 latere
1589 1105 1765 1159 longiore
1791 1103 1841 1144 ad

254 1207 256 1209 ‚
303 1156 494 1210 quendam
517 1158 617 1196 velut
637 1158 821 1211 angulum
842 1155 967 1197 france
987 1158 1047 1196 sua
1070 1156 1341 1206 conjunffione
1364 1157 1570 1199 notabilem
1593 1157 1713 1200 finum
1738 1158 1841 1213 quafi

302 1213 522 1255 muliebrem
543 1210 732 1265 formant3
763 1214 864 1253 unde
887 1211 927 1252 &
950 1211 1293 1266 Hyl'teroconchae,
1309 1212 1350 1252 Sc
1372 1213 1556 1254 Venereae
1573 1215 1692 1256 solent
1713 1217 1843 1269 appel-

302 1270 394 1318 lari,
423 1280 639 1321 quanquam
662 1281 743 1308 non
767 1268 822 1309 his
844 1269 928 1308 solis
951 1267 1136 1319 ejusmodi
1157 1267 1254 1309 finus
1283 1266 1400 1318 adsit,
1429 1283 1560 1310 verum
1589 1270 1631 1310 ἃ.
1655 1271 1842 1313 Bucardia

303 1325 346 1366 δε
363 1324 542 1365 Cordatae
559 1323 730 1376 quaedam
751 1322 852 1364 testae
871 1338 957 1365 eum
985 1338 1229 1365 communem
1249 1323 1421 1365 habeant.
1484 1324 1530 1366 ld
1559 1327 1678 1381 magis
1698 1341 1841 1369 conve-

302 1381 386 1430 nit,
415 1393 526 1431 quam
549 1377 574 1419 fi
597 1377 694 1420 finus
723 1381 762 1420 in
793 1380 917 1420 mallei
948 1380 1119 1421 Polonici
1148 1379 1271 1422 hiulca
1297 1381 1473 1434 planitie,
1501 1390 1567 1423 aut
1596 1383 1842 1437 inaequalibus

304 1435 481 1485 lateribus
503 1434 663 1486 judicem
686 1449 773 1477 cum
805 1435 992 1488 Rumphio
1018 1444 1052 1489 p.
1091 1437 1179 1477 162.

247 1493 420 1534 Bnnvi
457 1503 608 1532 MODO
647 1504 845 1532 LIGATA.
877 1492 973 1532 Non
1003 1491 1093 1532 dicit
1121 1493 1337 1543 articulata,
1366 1495 1426 1534 vel
1452 1493 1682 1547 conjimGta,
1710 1494 1770 1537 sed
1799 1497 1843 1536 li-

305 1549 403 1601 gata.
458 1546 584 1588 'Aliud
605 1549 767 1588 omnino
792 1547 845 1587 est
873 1548 1149 1602 ligamentum,
1175 1548 1277 1589 aliud
1305 1550 1526 1591 articulatio.
1586 1552 1680 1592 Non
1708 1565 1843 1594 omnes

305 1603 474 1645 Conchae
495 1601 558 1643 {ibi
577 1603 885 1652 inarticulantur‚
917 1602 1090 1656 quaedam
1115 1605 1331 1659 ligamentis
1355 1605 1572 1656 cohaerent,
1601 1605 1675 1647 five
1696 1609 1844 1649 nerveis

305 1658 380 1700 live
402 1657 680 1699 membranofis.
727 1660 921 1700 Notanter
950 1670 1076 1700 autem
1104 1658 1193 1701 dicit
1217 1675 1226 1702 :
1264 1661 1379 1702 Brevi
1410 1661 1528 1702 modo
1557 1663 1681 1716 ligata.
1733 1663 1843 1715 Quo-

307 1716 409 1756 niam
430 1728 523 1756 mox
545 1714 740 1770 distinguit
761 1725 845 1756 toto
866 1717 980 1755 latere
999 1729 1187 1757 connexa.
1234 1717 1361 1757 lnnuit
1384 1731 1500 1771 ergo,
1532 1717 1712 1770 quasdam
1736 1720 1843 1761 Con-

307 1771 396 1813 chas
425 1771 522 1812 circa
549 1771 733 1811 Cardines
761 1772 887 1812 saltem
909 1771 981 1811 levi
1011 1771 1051 1812 &
1085 1771 1186 1812 brevi
1217 1772 1428 1826 ligamento
1458 1785 1600 1814 nerveo
1633 1774 1839 1817 cohaerere:

253 1848 256 1849 ν
308 1825 411 1879 quod
430 1826 478 1866 de
499 1825 710 1878 pectinibus
727 1826 961 1880 generatim,
983 1825 1025 1867 &
1046 1826 1093 1867 de
1116 1827 1350 1880 pec'tunculis
1370 1827 1592 1880 quibusdam
1615 1840 1757 1873 cei-‚tum
1778 1829 1840 1870 est.

306 1882 469 1931 Nescio,
497 1880 587 1934 quid
612 1883 797 1934 Rmnphio
819 1883 858 1922 in
879 1892 1042 1923 mentem
1065 1883 1230 1932 venerit,
1251 1893 1291 1923 nt
1312 1882 1416 1924 brevi
1438 1883 1555 1925 modo
1576 1885 1709 1938 ligatas
1733 1886 1842 1926 coch-

309 1940 383 1979 leas
410 1939 558 1979 lunares
586 1940 670 1992 (nic
692 1943 775 1990 [zugt
797 1952 841 1983 tn
864 1949 954 1983 tunt·
978 1940 1076 1992 ὄρη)
1105 1938 1286 1979 habuerit.
1346 1938 1421 1981 Sed
1451 1943 1523 1991 jam
1558 1940 1694 1990 video,
1724 1942 1841 1993 ipsum

308 2007 400 2048 pro:
429 1993 555 2043 modo,
585 1994 734 2049 legisse:
764 1995 882 2042 n0d0;
914 2005 954 2035 ut
973 1995 1071 2035 adeo
1090 1995 1262 2035 cochleas
1281 1993 1442 2036 nodosas
1465 1997 1687 2039 meminerit.
1742 1998 1843 2038 Ean-

310 2048 396 2091 dem
426 2048 626 2090 Iefflonem
655 2051 797 2091 secutus
828 2050 922 2092 Fah.
950 2052 1152 2099 Columna,
1182 2050 1358 2092 conchas
1386 2051 1556 2092 anomias
1581 2051 1759 2102 nimbos,
1790 2053 1841 2093 ob

309 2104 463 2146 cervicis
490 2104 700 2160 angustiam
723 2135 735 2155 ,
766 2105 870 2146 brevi
902 2104 1009 2147 nodo
1039 2107 1194 2160 ligatas,
1223 2116 1423 2156 autumat,
1453 2107 1539 2147 Lib.
1569 2106 1613 2147 de
1641 2108 1762 2162 Purp.
1798 2111 1837 2148 C.

309 2160 421 2202 XVI.
450 2158 528 2201 Sed
545 2160 731 2210 ejusmodi
753 2161 925 2213 junetura
947 2160 1178 2202 concharum
1202 2175 1283 2202 non
1311 2162 1446 2216 ligata,
1476 2161 1537 2202 fied
1565 2159 1751 2204 insinuata
1777 2163 1841 2204 est.

309 2214 421 2258 Nodi
437 2216 547 2257 -nnna
567 2215 779 2257 similitudo.
834 2217 948 2270 Legit
971 2217 1202 2258 Hardumus
1229 2218 1320 2258 nodo
1340 2248 1352 2268 ,
1389 2216 1429 2258 ἃ
1456 2217 1560 2262 brevi
1579 2216 1687 2259 nodo
1716 2219 1842 2261 latiori

310 2271 475 2327 margini
489 2273 687 2325 opponit,
717 2271 820 2324 quod
846 2286 926 2312 non
951 2273 1070 2324 capio.

255 2328 406 2377 ToTo
445 2338 639 2368 LATERE
677 2340 935 2369 CONNEXA.
964 2328 1091 2369 Dicit:
1118 2341 1306 2376 connexa,
1335 2343 1438 2371 non:
1466 2330 1615 2384 ligata:
1638 2331 1843 2383 quoniam,

314 2395 396 2436 quae
423 2391 507 2423 toto
529 2383 644 2425 latere
668 2383 882 2432 cohaerent,
912 2397 991 2423 non
1023 2385 1231 2438 ligamento
1260 2384 1319 2425 sed
1355 2386 1573 2427 membrana
1601 2390 1845 2442 conjungun-

317 2448 401 2490 tur,
428 2438 543 2490 veluti
573 2439 735 2482 Musculi
754 2469 768 2491 ,
807 2440 987 2493 Solenes,
1016 2439 1326 2537 Pirinae.x1Dicit
1355 2453 1479 2482 autem
1502 2456 1511 2481 ;
1540 2455 1734 2495 connexa,
1763 2456 1845 2483 non

499 2518 501 2521 ·
1157 2511 1185 2536 i
1215 2509 1253 2537 m
1756 2510 1849 2538 inas·
