2059 2788
394 235 796 278 PLINIUS
884 236 1581 281 ILLUSTRATUS.

240 328 467 386 quingentas
497 328 744 371 testaceorum
786 327 1019 371 differentias
1047 329 1246 384 exposuit:
1287 329 1329 372 in
1358 330 1493 373 Museo
1526 332 1782 375 Kircheriano

238 387 363 440 plures
391 385 565 427 addidit:
595 386 813 438 neutiquam
847 399 981 426 ornnes
1008 384 1187 427 exhausit.
1245 387 1458 441 Rumphlus
1491 388 1532 427 in
1560 390 1688 430 Infulis
1718 391 1781 432 ln-

240 443 311 482 diae
330 443 535 483 Orientalis
556 441 655 482 intra
680 445 739 484 28„
755 454 900 492 annos,
920 445 1010 493 360.
1032 442 1169 495 species
1189 441 1335 483 summo
1354 441 1478 485 studio
1500 445 1678 499 collegit,
1696 447 1780 498 plu-

241 512 297 539 res
318 495 526 550 descripsit,
552 498 675 550 plures
694 497 774 538 aliis
796 496 1057 538 describendas
1079 498 1250 551 reliquit3
1285 500 1422 540 multas
1442 500 1711 551 Schynvoetlus
1739 502 1780 541 in

239 554 355 595 Notis
378 552 425 595 ad
448 552 590 594 dictum
604 552 816 595 Authore'm
834 584 846 604 ,
868 552 1094 607 easdemque
1116 567 1216 595 raras
1239 554 1279 595 ἃ.
1297 555 1438 596 summe
1457 554 1655 610 pretiosas,
1676 555 1782 598 addi—

240 609 296 650 dit
305 623 317 663 3
348 609 408 650 sed
431 622 586 650 ornnem
618 599 819 650 nuni‘ssrum
847 623 919 650 nec
948 609 1007 650 hic
1027 609 1120 652 inire
1141 609 1266 652 audet.
1327 612 1428 653 Sunt
1449 626 1470 653 a
1492 612 1614 654 Fabio
1637 613 1783 655 Colum-

240 680 313 717 na,
343 665 468 706 Libris
498 663 546 706 de
570 665 743 719 Purpura
772 664 814 706 δε
842 666 1112 720 Aquatilibus,
1151 666 1324 719 quaedarn
1349 667 1509 709 rariores
1537 667 1661 717 testae,
1690 668 1782 711 data

238 735 354 774 opera
374 720 574 775 descriptae.
614 721 772 776 Angliae
799 721 1029 775 proventum
1052 722 1225 775 Listerus
1248 723 1426 776 peculiari
1446 723 1566 766 Libro
1587 725 1786 778 exposuit:

238 776 338 819 idem
359 776 400 817 &
420 789 576 827 omneS,
607 786 797 831 quotquot
818 778 858 818 in
878 778 1018 819 Museis
1041 778 1176 820 Patriae
1196 777 1313 830 vidit,
1342 778 1452 822 testas
1475 793 1591 822 manu
1612 779 1697 822 filiae
1716 779 1783 822 de-

237 833 346 889 pingi
365 832 407 873 &
431 833 493 873 aeri
515 831 632 874 incidi
653 834 821 883 curavit,
848 833 1032 890 congesto
1055 835 1248 876 volumine
1266 835 1350 876 satis
1370 835 1487 890 spisso.
1545 836 1658 878 Plura
1686 835 1783 879 offe-

238 899 328 930 runt
347 888 479 937 Musea
498 898 575 930 tam
597 888 743 942 privata
763 901 876 942 quam
895 890 1068 941 publica,
1097 889 1145 930 de
1168 891 1303 949 quibus
1327 893 1533 943 GrewiuS,
1562 892 1787 945 Jacobaeus,

241 947 462 994 Wormius,
490 945 721 986 Valentinus
751 943 908 985 videndi
939 946 1034 986 sunt.
1066 946 1110 987 In
1139 946 1252 987 maris
1282 945 1407 989 fundo
1427 957 1608 1002 terraeque
1629 950 1786 1004 gremio

239 1003 347 1055 plura
375 1001 547 1050 latitant,
578 1001 819 1052 reperiuntur
848 999 990 1054 lapides
1008 1000 1106 1042 testis
1125 1001 1249 1043 referti
1264 1016 1394 1064 ἰὶςεῑυῑιε
1413 1004 1580 1059 integras
1602 1004 1781 1049 nondum

237 1054 366 1098 videre
394 1056 567 1111 contigit.
624 1055 792 1097 Miratur
824 1055 968 1097 Plinius
999 1057 1219 1099 varietatem
1247 1053 1478 1101 concharum
1497 1059 1786 1104 incredibilem:

239 1113 424 1153 mirantur
450 1126 536 1154 curn
562 1111 642 1166 ipso
671 1110 835 1165 posteri,
871 1111 933 1153 sed
959 1113 1124 1168 plerique
1153 1112 1231 1155 sine
1257 1114 1490 1169 philosophia
1513 1115 1694 1168 laudant,
1724 1118 1783 1159 lu-

240 1167 361 1219 dunt,
390 1177 609 1222 appetunt,
649 1169 764 1209 veluti
792 1181 909 1209 nuces
937 1170 1078 1222 pueri,
1127 1179 1192 1211 aut
1223 1181 1263 1211 ut
1299 1171 1446 1223 cimelia
1474 1171 1619 1213 divites.
1683 1173 1785 1216 Pau-

240 1223 371 1265 cissimi
392 1222 711 1265 de⁴lncrementis
735 1222 912 1265 Historiae
942 1225 1123 1266 naturalis
1153 1226 1362 1281 cogitant..
1395 1227 1477 1279 Qui
1502 1229 1644 1270 caeteris
1674 1243 1783 1272 accu-

239 1280 395 1322 ratiores
425 1280 705 1335 sung-nornen
732 1278 925 1332 lepidum,
957 1294 1064 1322 more
1087 1281 1290 1337 Belgarum
1308 1313 1321 1333 ,
1351 1282 1492 1324 testulis
1515 1295 1730 1328 annotant:
1758 1300 1783 1329 a

241 1335 489 1390 descriptione
518 1333 705 1377 abstinent
734 1333 954 1388 difficultate
979 1335 1124 1391 repulsi.
1186 1339 1340 1380 Etenim
1362 1349 1421 1380 tot
1441 1338 1605 1395 figuras,
1635 1351 1692 1383 tot
1717 1355 1783 1384 co-

240 1394 363 1433 lorum
385 1390 642 1442 differentias,
671 1390 981 1446 tot—appendices
1002 1392 1206 1435 Testarum
1237 1393 1411 1436 distincte
1443 1396 1569 1438 verbis
1601 1399 1787 1454 congruis

241 1460 460 1501 exponere,
486 1448 632 1501 superat
659 1447 757 1489 vires
778 1449 944 1503 vulgaris
967 1448 1203 1503 Philosophi3
1232 1448 1420 1492 difficilius
1438 1449 1572 1494 'adhuc
1608 1466 1656 1494 ex
1685 1457 1784 1495 mul-

241 1504 357 1557 tiplici
377 1503 551 1545 testarum
573 1516 763 1558 compage
782 1514 966 1544 eruuntur
987 1519 1115 1546 earum
1138 1503 1362 1547 differentiae
1378 1506 1581 1562 specificae,
1610 1522 1694 1562 quae
1713 1509 1782 1551 nisi

241 1558 517 1601 constituantur
535 1558 660 1611 justae,
692 1568 819 1600 manet
838 1573 934 1614 vaga
947 1591 958 1610 ,
989 1561 1144 1602 obscura
1163 1561 1205 1602 &
1225 1576 1422 1616 nunquam
1440 1563 1625 1618 capienda
1645 1564 1784 1612 Testa-

241 1630 395 1658 ceorum
417 1613 607 1657 Historia:
637 1615 958 1667 multiplicantur,
988 1627 1123 1669 praeter
1146 1617 1425 1669 necessitatem,
1453 1621 1580 1672 entia,
1600 1621 1642 1662 &
1660 1635 1783 1664 cram-

242 1673 288 1713 be
314 1672 427 1714 toties
452 1671 639 1725 totiesque
668 1670 776 1712 cocta
806 1671 1022 1725 apponitur.
1080 1671 1443 1727 Adhaerentlrebus
1476 1675 1564 1719 falsa
1595 1679 1782 1729 nomina,

242 1741 314 1771 nec
332 1728 414 1783 ‘erit
439 1725 565 1785 Judex
593 1726 642 1768 de
663 1727 827 1768 nomine·
851 1740 1053 1781 rerumque
1080 1719 1349 1786 conveniffitia
1369 1730 1579 1775 statuturus.
1624 1733 1783 1776 ‘Laudo

241 1782 404 1838 proinde
426 1783 591 1837 Listeri,
618 1783 823 1836 stamini,
852 1784 1047 1838 Major-is,
1072 1780 1332 1838 Charleton't‘i',
1351 1786 1392 1828 &
1413 1788 1657 1830 novissimum
1672 1791 1782 1832 Lau-

238 1843 297 1894 ίεςίι·
330 1838 564 1889 institutum,
594 1851 670 1892 quo
705 1838 753 1880 de
775 1839 988 1894 *generibus
1013 1840 1287 1884 Testaceorum
1309 1842 1582 1886 constituendis
1611 1845 1783 1887 laborare

242 1897 478 1950 inceperunt.
523 1893 621 1944 Sed,
652 1903 694 1935 ut
714 1908 845 1936 verum
870 1895 1010 1946 fatear,
1042 1897 1219 1951 Listerus
1237 1898 1389 1955 pingit,
1416 1901 1681 1951 nonrevolvit,
1710 1915 1783 1943 nec

243 1951 376 1993 definit
396 1950 542 2006 species.
600 1948 840 1992 Differentiae
861 1955 939 2004 ejus
959 1965 1007 1992 ex
1031 1953 1146 1994 titulis
1167 1951 1208 1993 ἂι
1232 1954 1395 1996 Tabulis
1418 1957 1611 2010 praemissis
1633 1971 1784 2013 cogno·

242 2007 409 2059 scendae,
438 2006 572 2061 paffim
596 2006 679 2048 sunt
707 2007 919 2062 negativae,
948 2007 1081 2062 passim
1109 2009 1308 2062 speciales,
1334 2012 1538 2067 generibus
1562 2011 1703 2054 sinistre
1727 2024 1782 2055 at-

243 2063 420 2105 tributae:
461 2064 501 2104 in
530 2062 732 2114 Buccinis,
762 2063 929 2114 Neritis,
962 2063 1180 2107 Pefflnibus
1204 2079 1348 2121 magna
1375 2066 1559 2109 confusio.
1623 2069 1787 2112 Veteres·

243 2119 379 2161 author
399 2132 482 2160 non
501 2119 617 2175 legit,
646 2132 718 2160 nec
747 2118 994 2161 Recentiores
1013 2121 1167 2163 sollicite
1196 2123 1385 2175 contulit,
1412 2125 1530 2166 multa
1556 2123 1779 2167 insufficien-

244 2186 322 2225 ter,
353 2176 472 2217 multa
493 2174 673 2225 obscure,
710 2188 758 2216 ex
785 2173 990 2216 verborum
1021 2177 1152 2230 inopia
1180 2176 1369 2232 inscripsit.
1428 2180 1640 2235 stumphius
1668 2183 1783 2223 nimis

244 2234 352 2273 laxus
379 2229 458 2282 est,
491 2231 564 2272 suae
587 2230 803 2272 collectioni
825 2229 867 2270 <Sc
898 2229 1093 2282 instituto,
1121 2246 1197 2282 quo
1230 2234 1407 2277 animalia
1430 2225 1560 2278 similia
1583 2237 1622 2277 in
1652 2237 1784 2278 Testis

244 2287 452 2328 habitantia
470 2283 819 2340 quomodocunque
837 2287 1044 2339 compulit,
1066 2286 1259 2330 sufficiens.
1290 2290 1432 2343 AIajor
1448 2290 1575 2334 deficit
1594 2293 1634 2333 in
1653 2293 1779 2345 rebus,

246 2341 414 2384 abundat
435 2343 474 2383 in
497 2342 668 2393 terminis
686 2354 735 2383 ex
759 2339 967 2383 Ramistico
990 2342 1249 2385 Dichotomiae
1278 2344 1402 2388 studio
1431 2357 1567 2401 praeter
1585 2348 1780 2392 necestita-

247 2407 348 2449 tem,
376 2399 416 2440 in
435 2396 697 2441 confusionem
725 2397 910 2439 Thesauri
937 2397 1109 2450 testacei,
1139 2402 1342 2455 conceptis.
1379 2402 1589 2446 Charleton
1618 2418 1784 2446 nomen-

246 2455 406 2497 clatutas
422 2455 543 2512 magis
554 2485 566 2509 ,
582 2467 695 2510 quam
715 2452 920 2508 Testarum
937 2452 1170 2500 differentias
1186 2457 1389 2502 scrutatus:
1418 2472 1504 2502 cum
1524 2459 1782 2504 Aldmvmido

1743 2519 1785 2561 &-

1764 243 1797 294 32¹
