2059 2788
185 220 252 262 w
400 209 819 260 PLINIUS·
884 210 1577 257 ILLUSTRATUS.

250 310 471 362 nonnullis,
500 323 597 364 quos
618 309 830 365 Rumphius
856 305 962 349 Fusis
985 317 1210 362 comparat,
1237 309 1318 352 imo
1337 302 1376 350 in
1400 309 1599 351 nonnullis
1624 310 1784 354 cochleis

251 366 295 408 &
313 367 493 409 Buccinis
510 366 574 408 sub
592 366 751 408 nomine
770 363 879 406 rostri
899 373 1016 406 notus
1032 362 1104 406 est:
1134 363 1237 406 unde
1262 365 1304 407 &
1335 379 1439 407 nova
1468 365 1680 408 turbinibus
1708 371 1782 420 jam

251 421 364 465 dictis
383 421 596 465 differentia
617 423 837 475 applicatur.
895 421 1006 462 Unus
1026 420 1214 475 processus
1230 422 1385 476 longior
1411 423 1526 464 etiam
1545 435 1593 464 ex
1614 424 1786 479 margine

251 479 408 532 alicujus
434 480 562 521 Alatae
590 476 694 531 apud
711 477 943 532 Rumphiizm
972 477 1224 531 protenditur.
1283 477 1414 519 Plures
1437 490 1529 520 vero
1547 478 1635 520 huic
1653 477 1789 521 similes

244 535 294 576 in
314 535 536 591 Harpagine
555 533 597 574 &
619 535 793 575 Cornuta
819 532 1019 585 millepede
1042 533 1225 588 Rumphii
1241 544 1397 588 extant3
1415 548 1512 589 quos
1529 536 1789 591 metonymice
1817 527 1850 558 0

250 593 400 635 Plinius
419 592 460 632 in
487 588 891 645 fingularivcommode
909 587 1120 645 significare
1144 590 1280 643 potuit.

189 647 226 692 'F
237 659 330 690 0R1
344 659 364 689 s
393 647 532 689 EFFU
546 658 615 688 so.
675 644 720 687 ld
755 646 945 700 praecipue
971 646 1169 687 nonnullis
1192 646 1371 688 Buccinis
1389 647 1518 698 alatis,
1549 647 1608 688 seu
1629 646 1789 689 Murici-

252 704 323 746 bus
348 703 559 760 Langianis
582 703 779 757 competit.
838 703 883 743 ln
902 699 1144 757 oppositione
1175 700 1223 743 ad
1242 702 1456 755 sequentem
1485 701 1657 757 phrasin,
1687 705 1791 746 intus

250 761 459 816 replicato,
488 758 642 813 possunt
672 759 777 800 &in
805 758 907 801 hunc
928 758 1077 800 censum
1107 757 1446 808 venirecaffides,
1475 773 1633 812 quarum
1658 759 1790 800 exserti

248 816 442 873 margines
464 829 532 870 per
552 814 653 856 testae
674 815 950 869 duplicaturam
974 813 1204 856 crassescunt.
1263 814 1403 856 Malim
1416 825 1548 856 ‘tamen
1568 813 1791 857 effusionem

250 873 457 929 marginis,
486 871 535 913 de
560 870 722 926 simplici
743 884 812 925 per
828 871 1058 912 horisontem
1075 869 1334 923 expansione,
1362 884 1475 923 quarn
1498 870 1546 911 de
1565 870 1713 911 fimbria
1735 872 1789 911 in-

240 929 457 983 oerpretari.
519 927 709 969 Obscurus
731 940 848 976 vero,
882 926 923 966 ni
944 925 1081 977 fallor,
1111 925 1147 967 h.
1178 927 1201 966 l.
1234 925 1465 966 Hardccz‘nus
1484 925 1563 975 est,
1593 926 1789 979 inquiens:

250 1014 280 1037 „
308 985 433 1035 Cum,
464 981 629 1024 deducta
660 982 701 1023 δε
734 982 863 1023 hiante
892 980 1060 1032 concha,
1098 982 1261 1035 explicat
1288 981 1356 1022 sese
1388 980 1485 1022 foris
1510 991 1667 1035 uterque
1697 995 1793 1023 mar-

186 1043 189 1046 ⁴
250 1071 279 1093 „
305 1054 360 1097 go
375 1072 388 1092 ‚
417 1053 541 1093 neque
562 1039 763 1080 introrsum
783 1038 1001 1079 revolvitur.
1035 1066 1064 1087 „
1122 1036 1288 1078 Videtur
1307 1035 1355 1078 de
1379 1037 1558 1087 conchis,
1587 1038 1646 1079 seu
1666 1037 1721 1078 de·
1737 1038 1793 1078 bi-

249 1096 448 1146 valvibuS,
476 1096 580 1149 loqui
593 1127 604 1146 ,
628 1109 713 1136 curn
735 1105 863 1137 tamen
884 1092 990 1135 filum
1009 1094 1191 1135 sermonis
1212 1092 1328 1134 ducat
1348 1094 1475 1146 potius
1495 1091 1544 1135 ad
1564 1092 1764 1135 cochlidas.

190 1155 363 1199 Iswmrs
391 1153 558 1194 Ram-1
574 1163 726 1192 CATO.
783 1148 905 1192 Rerile
940 1150 1174 1192 Harduimas
1207 1159 1371 1203 utroque
1395 1150 1509 1191 latere
1537 1149 1696 1190 conchae
1726 1150 1796 1191 sese

249 1210 452 1251 introrsum
473 1207 691 1263 colligente.
713 1208 805 1248 Tali
820 1207 994 1261 margine
1007 1207 1151 1261 Langii
1162 1205 1369 1256 Nuces‚&
1391 1204 1636 1247 semicassides
1657 1204 1796 1248 nostrat

244 1263 436 1322 gaudent.
495 1263 654 1306 Limbus
682 1263 785 1305 enim
817 1261 919 1304 testae
947 1262 1146 1304 introrsum
1167 1293 1181 1314 ,
1210 1262 1312 1303 velut
1342 1260 1393 1303 ad
1430 1260 1705 1316 duplicaturam
1736 1263 1797 1304 vel

253 1321 444 1363 fimbriam
470 1319 646 1362 flectitur.

195 1380 303 1438 JAM
331 1379 737 1420 DlsTlNcTioNE
766 1373 1116 1418 Vmcumm.
1172 1373 1279 1415 Ante
1297 1372 1345 1415 dc
1369 1372 1462 1415 striis
1483 1373 1642 1416 dixerat.
1686 1371 1796 1430 ¹Ergo

252 1435 371 1492 virgae
393 1447 475 1475 non
492 1433 578 1474 sunt
598 1431 703 1472 striae.
765 1430 977 1485 Rumphius
998 1429 1143 1471 chamae
1161 1430 1321 1485 virgatac
1340 1431 1537 1480 meminit,
1566 1431 1606 1470 in
1638 1444 1711 1483 qua
1735 1444 1800 1472 ru-

247 1490 339 1532 ‘bras
358 1491 543 1531 linearum
562 1488 752 1531 subtilium
774 1497 884 1530 acute
912 1486 1220 1527 concurrentium
1252 1486 1543 1539 inscriptiones,
1572 1487 1690 1541 virgis
1723 1499 1800 1527 coe-

252 1544 405 1588 lestibus
425 1542 715 1600 quodammodo
735 1539 871 1584 similes
889 1541 1015 1583 video.
1063 1542 1130 1583 An
1155 1541 1234 1583 haec
1254 1540 1444 1583 distincilio
1469 1542 1680 1597 virgulata?
1709 1543 1795 1583 sane

254 1602 315 1645 hic
333 1602 454 1644 sensus
474 1600 705 1655 expressior,
734 1613 847 1653 quarn
869 1597 961 1640 dum
979 1596 1116 1639 duetus
1137 1598 1176 1637 in
1197 1598 1352 1639 conchis
1373 1598 1529 1639 literatis
1562 1598 1602 1638 δε
1622 1597 1799 1640 Arabicis

255 1659 316 1701 hic
335 1656 507 1699 subaudit
526 1657 738 1711 Rumphius
757 1670 795 1710 p.
820 1657 908 1698 162.
931 1655 990 1696 vel
1010 1653 1102 1695 dum
1129 1654 1362 1696 Hardnimcs
1391 1654 1651 1707 metaphoram
1681 1669 1703 1696 a
1733 1668 1798 1695 ve-

254 1714 371 1756 stibus
398 1712 652 1766 similibusque
674 1711 785 1754 rebus
809 1710 944 1766 repetit
973 1742 1001 1761 ‚‚
1022 1712 1062 1750 in
1086 1711 1222 1763 quibus
1243 1711 1362 1764 virgae
1381 1710 1466 1750 sunt
1485 1710 1557 1750 viae
1578 1712 1799 1752 transversa-

257 1801 286 1823 „
315 1771 383 1811 tim
405 1770 447 1811 &
468 1769 685 1811 decussatim
706 1765 839 1809 dutitae.
890 1765 1006 1808 Unde
1025 1766 1135 1808 vestis
1159 1768 1304 1822 virgata
1326 1765 1483 1816 eadem,
1513 1779 1597 1818 quae
1621 1766 1800 1808 scutulata

259 1857 287 1880 ‚,
316 1825 378 1868 est.
412 1856 439 1877 ,‚
501 1827 548 1867 ln
578 1823 876 1880 Ostracologicis
904 1822 983 1865 haec
1004 1823 1268 1876 interpretatio
1296 1821 1470 1863 nondum
1505 1831 1665 1875 recepta.
1727 1822 1801 1864 Ubi

258 1883 387 1939 potius
415 1888 465 1924 ad
495 1882 621 1936 virgas
645 1881 743 1922 Coeli
775 1879 977 1935 cognitas,
1004 1892 1118 1933 quam
1143 1876 1191 1920 ad
1211 1877 1331 1920 vestes
1356 1879 1519 1920 incertas
1543 1878 1800 1933 obsoletasque

260 1940 394 1981 oculos
420 1938 462 1979 δε
483 1949 649 1979 mentem
675 1935 884 1992 dirigimus.

199 1998 456 2040 *Culum-A,
489 1993 595 2045 Quid
618 1993 774 2034 Crines?
808 1993 929 2033 Villos
954 1989 1137 2033 monstrat
1160 1991 1352 2032 Columna
1367 1989 1419 2032 de
1441 1990 1610 2044 Purpura
1641 1992 1679 2033 C.
1706 1990 1733 2031 Ι.
1764 1993 1799 2040 §.

262 2065 327 2106 30.
357 2049 560 2093 ostendens
577 2049 799 2103 lanuginem
823 2048 1024 2089 muscosam
1048 2047 1153 2100 super
1175 2045 1286 2088 testis.
1343 2046 1418 2088 Sed
1448 2047 1527 2088 haec
1549 2045 1675 2087 Testis
1706 2048 1802 2088 acci-

265 2106 345 2158 dit,
358 2120 439 2148 non
462 2105 565 2147 inest.
597 2104 704 2146 ldem
717 2103 759 2144 &
781 2103 892 2145 fibras
906 2103 1086 2144 muscosas
1102 2101 1147 2142 ’ἃ
1167 2103 1494 2156 purpurascentes,
1507 2103 1567 2144 seu
1580 2103 1803 2158 lanuginem

265 2162 486 2205 Ostrearum
515 2163 636 2203 crines
654 2169 776 2203 vocat.
842 2159 934 2202 Tali
962 2160 1061 2200 sensu
1085 2158 1127 2199 &
1147 2156 1264 2211 bjffits
1283 2162 1513 2212 pinnarum,
1541 2160 1601 2199 seu
1631 2159 1804 2200 collectio

259 2219 469 2268 fibrarum,
492 2231 539 2258 ex
559 2216 691 2258 strietis
712 2217 915 2271 pinnarum
937 2214 1183 2257 commissuris
1203 2214 1242 2255 in
1260 2225 1396 2256 terram
1415 2215 1659 2271 germinans,
1689 2215 1803 2256 crinis

268 2274 414 2318 audiret
427 2288 439 2327 3
453 2273 557 2314 -mihi
577 2287 666 2315 vero
689 2272 769 2314 haec
790 2271 900 2314 testas
919 2273 1022 2313 nulla
1045 2272 1193 2312 interna
1213 2281 1306 2312 nota
1324 2269 1551 2327 significant.
1603 2271 1805 2321 Conjicio,

269 2333 439 2375 Plinium
457 2328 586 2371 dixisse
605 2329 726 2371 crines
745 2327 976 2370 denfiffimas
993 2327 1304 2369 subtilissimarum
1324 2328 1509 2369 linearum
1532 2326 1804 2380 inscriptiones,

266 2386 344 2429 ‘sive
369 2395 411 2427 ut
439 2386 669 2428 Har-dumus
690 2382 878 2437 loquitur,
907 2385 1098 2440 segmenta
1126 2384 1185 2425 vel
1209 2384 1371 2426 lineolas
1396 2384 1555 2425 crinium
1580 2380 1694 2422 instar
1714 2395 1804 2434 por-

265 2443 414 2495 sectaS,
443 2442 570 2496 quales
585 2442 626 2484 in
648 2440 818 2484 Conchis
837 2439 1166 2485 anomiis·t·ri'lobis
1185 2440 1284 2482 inter
1303 2441 1392 2482 alias
1416 2438 1656 2482 advertimus.
1705 2440 1806 2534 Supt

1709 2507 1803 2536 mrn
